@article{Wilson:2015:HCB:2786608.2746406,
 author = {Wilson, Cameron},
 title = {Hour of Code: Bringing Research to Scale},
 journal = {ACM Inroads},
 issue_date = {June 2015},
 volume = {6},
 number = {2},
 month = may,
 year = {2015},
 issn = {2153-2184},
 pages = {18--18},
 numpages = {1},
 url = {http://doi.acm.org.accedys2.bbtk.ull.es/10.1145/2746406},
 doi = {10.1145/2746406},
 acmid = {2746406},
 publisher = {ACM},
 address = {New York, NY, USA},
}

@inproceedings{Tumlin:2017:TCC:3017680.3022467,
 author = {Tumlin, Nath},
 title = {Teacher Configurable Coding Challenges for Block Languages},
 booktitle = {Proceedings of the 2017 ACM SIGCSE Technical Symposium on Computer Science Education},
 series = {SIGCSE '17},
 year = {2017},
 isbn = {978-1-4503-4698-6},
 location = {Seattle, Washington, USA},
 pages = {783--784},
 numpages = {2},
 url = {http://doi.acm.org.accedys2.bbtk.ull.es/10.1145/3017680.3022467},
 doi = {10.1145/3017680.3022467},
 acmid = {3022467},
 publisher = {ACM},
 address = {New York, NY, USA},
 keywords = {block-based programming, blockly, customizable puzzles},
}

@inproceedings{Brown:2016:PFD:2839509.2844661,
 author = {Brown, Neil C.C. and M\"{o}nig, Jens and Bau, Anthony and Weintrop, David},
 title = {Panel: Future Directions of Block-based Programming},
 booktitle = {Proceedings of the 47th ACM Technical Symposium on Computing Science Education},
 series = {SIGCSE '16},
 year = {2016},
 isbn = {978-1-4503-3685-7},
 location = {Memphis, Tennessee, USA},
 pages = {315--316},
 numpages = {2},
 url = {http://doi.acm.org.accedys2.bbtk.ull.es/10.1145/2839509.2844661},
 doi = {10.1145/2839509.2844661},
 acmid = {2844661},
 publisher = {ACM},
 address = {New York, NY, USA},
 keywords = {blocks-based editing},
} 

@misc{Code.org,
 title = {{Code.org}},
 howpublished = {\url{https://code.org/}},
 note = {Accedido en mayo de 2018}
}

@misc{HourOfCode,
 title = {{Hour of Code}},
 howpublished = {\url{https://hourofcode.com/}},
 note = {Accedido en mayo de 2018}
}

@misc{Codecademy,
 title = {{Codecademy}},
 howpublished = {\url{https://www.codecademy.com/es}},
 note = {Accedido en mayo de 2018}
}

@misc{Programamos,
 title = {{Programamos}},
 howpublished = {\url{https://programamos.es/}},
 note = {Accedido en mayo de 2018}
}

@misc{Rails,
 title = {{Ruby on Rails}},
 howpublished = {\url{https://rubyonrails.org/}},
 note = {Accedido en mayo de 2018}
}

@misc{Active,
 title = {{Active Record Basics}},
 howpublished = {\url{http://guides.rubyonrails.org/active_record_basics.html}},
 note = {Accedido en mayo de 2018}
}

@misc{Bootstrap,
 title = {{Bootstrap}},
 howpublished = {\url{https://getbootstrap.com/}},
 note = {Accedido en mayo de 2018}
}

@misc{Chartkick,
 title = {{Chartkick}},
 howpublished = {\url{https://www.chartkick.com/}},
 note = {Accedido en mayo de 2018}
}

@misc{Github,
 title = {{Github}},
 howpublished = {\url{https://github.com/}},
 note = {Accedido en mayo de 2018}
}

@misc{RSpec,
 title = {{RSpec}},
 howpublished = {\url{http://rspec.info/}},
 note = {Accedido en mayo de 2018}
}